@article{LI2019e00663,
title = {Interactions between N, P and K fertilizers affect the environment and the yield and quality of satsumas},
journal = {Global Ecology and Conservation},
volume = {19},
pages = {e00663},
year = {2019},
issn = {2351-9894},
doi = {https://doi.org/10.1016/j.gecco.2019.e00663},
url = {https://www.sciencedirect.com/science/article/pii/S2351989419301623},
author = {Zhiguo Li and Runhua Zhang and Shujie Xia and Li Wang and Chuang Liu and Runqin Zhang and Zhanhui Fan and Fang Chen and Yi Liu},
}

@article{KROUK2020104,
title = {Nitrogen and Phosphorus interactions in plants: from agronomic to physiological and molecular insights},
journal = {Current Opinion in Plant Biology},
volume = {57},
pages = {104-109},
year = {2020},
note = {Cell signalling and gene regulation},
issn = {1369-5266},
doi = {https://doi.org/10.1016/j.pbi.2020.07.002},
url = {https://www.sciencedirect.com/science/article/pii/S1369526620300893},
author = {Gabriel Krouk and Takatoshi Kiba},
}

@incollection{AULAKH2005341,
title = {Interactions of Nitrogen with Other Nutrients and Water: Effect on Crop Yield and Quality, Nutrient Use Efficiency, Carbon Sequestration, and Environmental Pollution},
series = {Advances in Agronomy},
publisher = {Academic Press},
volume = {86},
pages = {341-409},
year = {2005},
issn = {0065-2113},
doi = {https://doi.org/10.1016/S0065-2113(05)86007-9},
url = {https://www.sciencedirect.com/science/article/pii/S0065211305860079},
author = {Milkha S. Aulakh and Sukhdev S. Malhi},
}

@incollection{GRUNES1959369,
title = {Effect of Nitrogen on the Availability of Soil and Fertilizer Phosphorus to Plants},
editor = {A.G. Norman},
series = {Advances in Agronomy},
publisher = {Academic Press},
volume = {11},
pages = {369-396},
year = {1959},
issn = {0065-2113},
doi = {https://doi.org/10.1016/S0065-2113(08)60127-3},
url = {https://www.sciencedirect.com/science/article/pii/S0065211308601273},
author = {D.L. Grunes},
}